@online{AllQuestionsSAP,
  title = {All {{Questions}} - {{SAP Q}}\&{{A}}},
  url = {https://answers.sap.com/index.html},
  urldate = {2020-08-03},
  file = {C\:\\Users\\Moritz\\Zotero\\storage\\CLQ8KWJE\\index.html}
}

@article{bianchiniPageRank2005,
  title = {Inside {{PageRank}}},
  author = {Bianchini, Monica and Gori, Marco and Scarselli, Franco},
  date = {2005-02-01},
  journaltitle = {ACM Transactions on Internet Technology},
  shortjournal = {ACM Trans. Inter. Tech.},
  volume = {5},
  pages = {92--128},
  issn = {15335399},
  doi = {10.1145/1052934.1052938},
  url = {http://portal.acm.org/citation.cfm?doid=1052934.1052938},
  urldate = {2020-09-03},
  langid = {english},
  number = {1}
}